@inproceedings{inproceedings,
author = {Lee, Unghui and Yoon, Sangyol and Shim, David and Vasseur, Pascal and Demonceaux, CÃ©dric},
year = {2014},
month = {06},
pages = {445-450},
title = {Local path planning in a complex environment for self-driving car},
doi = {10.1109/CYBER.2014.6917505}
}

@INPROCEEDINGS{realtime,  author={O. {Khatib}},  booktitle={Proceedings. 1985 IEEE International Conference on Robotics and Automation},   title={Real-time obstacle avoidance for manipulators and mobile robots},   year={1985},  volume={2},  number={},  pages={500-505},  doi={10.1109/ROBOT.1985.1087247}}