@article{croes1958method,
  title={A method for solving traveling-salesman problems},
  author={Croes, Georges A},
  journal={Operations Research},
  volume={6},
  number={6},
  pages={791--812},
  year={1958},
  publisher={INFORMS}
}

@article{dantzig1959truck,
  title={The truck dispatching problem},
  author={Dantzig, George B and Ramser, John H},
  journal={{Management Science}},
  volume={6},
  number={1},
  pages={80--91},
  year={1959},
  publisher={Informs}
}

@article{clarke1964scheduling,
  title={Scheduling of vehicles from a central depot to a number of delivery points},
  author={Clarke, Geoff and Wright, John W},
  journal={Operations Research},
  volume={12},
  number={4},
  pages={568--581},
  year={1964},
  publisher={Informs}
}

@article{lin1965computer,
  title={Computer solutions of the traveling salesman problem},
  author={Lin, Shen},
  journal={Bell System Technical Journal},
  volume={44},
  number={10},
  pages={2245--2269},
  year={1965},
  publisher={Wiley Online Library}
}

@article{lin1973effective,
  title={An effective heuristic algorithm for the traveling-salesman problem},
  author={Lin, Shen and Kernighan, Brian W},
  journal={Operations Research},
  volume={21},
  number={2},
  pages={498--516},
  year={1973},
  publisher={INFORMS}
}

@article{beltrami1974networks,
  title={Networks and vehicle routing for municipal waste collection},
  author={Beltrami, Edward J and Bodin, Lawrence D},
  journal={Networks},
  volume={4},
  number={1},
  pages={65--94},
  year={1974},
  publisher={Wiley Online Library}
}

@article{golden1980approximate,
  title={Approximate traveling salesman algorithms},
  author={Golden, Bruce and Bodin, Lawrence and Doyle, T and Stewart Jr, W},
  journal={Operations Research},
  volume={28},
  number={3-part-ii},
  pages={694--711},
  year={1980},
  publisher={INFORMS}
}

@article{lenstra1981complexity,
  title={Complexity of vehicle routing and scheduling problems},
  author={Lenstra, Jan Karel and Kan, AHG Rinnooy},
  journal={Networks},
  volume={11},
  number={2},
  pages={221--227},
  year={1981},
  publisher={Wiley Online Library}
}

@article{dror1986a,
title={A vehicle routing improvement algorithm comparison of a “greedy” and a matching implementation for inventory routing},
author={Dror, Moshe and Levy, Larry},
journal={Computers \& Operations Research},
volume={13},
number={1},
pages={33--45},
year={1986}}

@article{moscato1989evolution,
  title={On evolution, search, optimization, genetic algorithms and martial arts: Towards memetic algorithms},
  author={Moscato, Pablo},
  journal={{Caltech Concurrent Computation Program, C3P Report}},
  volume={826},
  pages={1989},
  year={1989}
}

@article{gendreau1992new,
title={New insertion and postoptimization procedures for the traveling salesman problem},
author={Gendreau, Michel and Hertz, Alain and Laporte, Gilbert},
journal={Operations Research},
volume={40},
number={6},
pages={1086--1094},
year={1992}}

@article{potvin1996vehicle,
  title={The vehicle routing problem with time windows part II: genetic search},
  author={Potvin, Jean-Yves and Bengio, Samy},
  journal={INFORMS journal on Computing},
  volume={8},
  number={2},
  pages={165--172},
  year={1996},
  publisher={INFORMS}
}

@article{maekawa1997genetic,
  title={A genetic solution for the traveling salesman problem by means of a thermodynamical selection rule},
  author={Maekawa, Keiji and Mori, Naoki and Tamaki, Hisashi and Kita, Hajime and Nishikawa, Yoshikazu},
  journal={Transactions of the Society of Instrument and Control Engineers},
  volume={33},
  number={9},
  pages={939--946},
  year={1997},
  publisher={The Society of Instrument and Control Engineers}
}

@article{taillard1997a,
title={A Tabu Search Heuristic for the Vehicle Routing Problem with Soft Time Windows},
author={Taillard, Eric D and Badeau, Philippe and Gendreau, Michel and Guertin, Francois and Potvin, Jeanyves},
journal={Transportation Science},
volume={31},
number={2},
pages={170--186},
year={1997}}

@article{taillard1999heuristic,
  title={A heuristic column generation method for the heterogeneous fleet VRP},
  author={Taillard, {\'E}ric D},
  journal={RAIRO-Operations Research-Recherche Op{\'e}rationnelle},
  volume={33},
  number={1},
  pages={1--14},
  year={1999}
}

@article{runarsson2000stochastic,
  title={Stochastic ranking for constrained evolutionary optimization},
  author={Runarsson, Thomas P. and Yao, Xin},
  journal={IEEE Transactions on evolutionary computation},
  volume={4},
  number={3},
  pages={284--294},
  year={2000},
  publisher={IEEE}
}

@article{martello2000three,
  title={The three-dimensional bin packing problem},
  author={Martello, Silvano and Pisinger, David and Vigo, Daniele},
  journal={{Operations Research}},
  volume={48},
  number={2},
  pages={256--267},
  year={2000},
  publisher={INFORMS}
}

@article{hertz2000a,
title={A Tabu Search Heuristic for the Capacitated Arc Routing Problem},
author={Hertz, Alain and Laporte, Gilbert and Mittaz, Michel},
journal={Operations Research},
volume={48},
number={1},
pages={129--135},
year={2000}}

@article{hertz2001a,
title={A Variable Neighborhood Descent Algorithm for the Undirected Capacitated Arc Routing Problem},
author={Hertz, Alain and Mittaz, Michel},
journal={Transportation Science},
volume={35},
number={4},
pages={425--434},
year={2001}}

@book{braysy2001local,
  title={Local search and variable neighborhood search algorithms for the vehicle routing problem with time windows},
  author={Br{\"a}ysy, Olli},
  year={2001},
  publisher={Vaasan yliopisto}
}
    

@article{tan2001heuristic,
  title={Heuristic methods for vehicle routing problem with time windows},
  author={Tan, Kay Chen and Lee, Loo Hay and Zhu, QL and Ou, Ke},
  journal={Artificial intelligence in Engineering},
  volume={15},
  number={3},
  pages={281--295},
  year={2001},
  publisher={Elsevier}
}

//new
@article{angelelli2002periodic,
  title={The periodic vehicle routing problem with intermediate facilities},
  author={Angelelli, Enrico and Speranza, Maria Grazia},
  journal={European journal of Operational research},
  volume={137},
  number={2},
  pages={233--247},
  year={2002},
  publisher={Elsevier}
}

@inproceedings{Fleury02robustnessevaluation,
    author = {Gérard Fleury and Christian Prins and Philippe Lacomme and Christian Prins and Wahiba Ramdane Chérif},
    title = {Robustness evaluation of solutions for the capacitated arc routing problem},
    booktitle = {Proceedings of the Conference on AI Simulation and Planning in High Autonomy Systems},
    pages = {290--295},
    year = {2002}
}

@incollection{laporte2002classical,
  title={Classical heuristics for the capacitated VRP},
  author={Laporte, Gilbert and Semet, Fr{\'e}d{\'e}ric},
  booktitle={The vehicle routing problem},
  pages={109--128},
  year={2002},
  publisher={SIAM}
}

@article{BeullensA,
  title={A guided local search heuristic for the capacitated arc routing problem},
  author={Beullens, Patrick and Muyldermans, Luc and Cattrysse, Dirk and Oudheusden, Dirk Van},
  journal={European Journal of Operational Research},
  volume={147},
  number={3},
  pages={629-643},
  year=2003
}

@article{kim2006waste,
  title={Waste collection vehicle routing problem with time windows},
  author={Kim, Byung-In and Kim, Seongbae and Sahoo, Surya},
  journal={Computers \& Operations Research},
  volume={33},
  number={12},
  pages={3624--3642},
  year={2006},
  publisher={Elsevier}
}

@article{braysy2004a,
title={A multi-start local search algorithm for the vehicle routing problem with time windows},
author={Braysy, Olli and Hasle, Geir and Dullaert, Wout},
journal={European Journal of Operational Research},
volume={159},
number={3},
pages={586--605},
year={2004}}


@INPROCEEDINGS{handa2006robust,  author={H. {Handa} and D. {Lin} and L. {Chapman} and  {Xin Yao}},  booktitle={2006 IEEE International Conference on Evolutionary Computation},   title={Robust Solution of Salting Route Optimisation Using Evolutionary Algorithms},   year={2006},  volume={},  number={},  pages={3098-3105},}

@article{handa2006robust2,
title={Robust route optimization for gritting/salting trucks: a CERCIA experience},
author={Handa, Hisashi and Chapman, Lee and Yao, Xin},
journal={IEEE Computational Intelligence Magazine},
volume={1},
number={1},
pages={6--9},
year={2006}}

//new
@article{crevier2007multi,
  title={The multi-depot vehicle routing problem with inter-depot routes},
  author={Crevier, Benoit and Cordeau, Jean-Fran{\c{c}}ois and Laporte, Gilbert},
  journal={{European Journal of Operational Research}},
  volume={176},
  number={2},
  pages={756--773},
  year={2007},
  publisher={Elsevier}
}

@article{martello2007algorithm,
  title={Algorithm 864: General and robot-packable variants of the three-dimensional bin packing problem},
  author={Martello, Silvano and Pisinger, David and Vigo, Daniele and Boef, Edgar Den and Korst, Jan},
  journal={ACM Transactions on Mathematical Software (TOMS)},
  volume={33},
  number={1},
  pages={7--es},
  year={2007},
  publisher={ACM New York, NY, USA}
}

@article{bautista2008solving,
  title={Solving an urban waste collection problem using ants heuristics},
  author={Bautista, Joaqu{\'\i}n and Fern{\'a}ndez, Elena and Pereira, Jordi},
  journal={Computers \& Operations Research},
  volume={35},
  number={9},
  pages={3020--3033},
  year={2008},
  publisher={Elsevier}
}

@inproceedings{yuan2008research,
  title={Research on Diversity Measure of Niche Genetic Algorithm},
  author={Yuan, Lihua and Li, Ming and Li, Junhua},
  booktitle={2008 Second International Conference on Genetic and Evolutionary Computing},
  pages={47--50},
  year={2008},
  organization={IEEE}
}

@article{brandao2008a,
title={A deterministic tabu search algorithm for the capacitated arc routing problem},
author={Brandao, Jose and Eglese, Richard W},
journal={Computers \& Operations Research},
volume={35},
number={4},
pages={1112--1126},
year={2008}}

@article{eksioglu2009vehicle,
  title={The vehicle routing problem: A taxonomic review},
  author={Eksioglu, Burak and Vural, Arif Volkan and Reisman, Arnold},
  journal={Computers \& Industrial Engineering},
  volume={57},
  number={4},
  pages={1472--1483},
  year={2009},
  publisher={Elsevier}
}

@article{tang2009memetic,
  title={Memetic algorithm with extended neighborhood search for capacitated arc routing problems},
  author={Tang, Ke and Mei, Yi and Yao, Xin},
  journal={IEEE Transactions on Evolutionary Computation},
  volume={13},
  number={5},
  pages={1151--1166},
  year={2009},
  publisher={IEEE}
}

@article{liu2010two,
  title={Two-phase heuristic algorithms for full truckloads multi-depot capacitated vehicle routing problem in carrier collaboration},
  author={Liu, Ran and Jiang, Zhibin and Fung, Richard YK and Chen, Feng and Liu, Xiao},
  journal={Computers \& Operations Research},
  volume={37},
  number={5},
  pages={950--959},
  year={2010},
  publisher={Elsevier}
}

@article{benjamin2010metaheuristics,
  title={Metaheuristics for the waste collection vehicle routing problem with time windows, driver rest period and multiple disposal facilities},
  author={Benjamin, Aida Mauziah and Beasley, JE},
  journal={Computers \& Operations Research},
  volume={37},
  number={12},
  pages={2270--2280},
  year={2010},
  publisher={Elsevier}
}

@article{ubeda2011green,
  title={Green logistics at Eroski: A case study},
  author={Ubeda, Sergio and Arcelus, Francisco J and Faulin, Javier},
  journal={International Journal of Production Economics},
  volume={131},
  number={1},
  pages={44--51},
  year={2011},
  publisher={Elsevier}
}


@article{Liu2012A,
  title={A clustering-based multiple ant colony system for the waste collection vehicle routing problems},
  author={Liu, J. and He, Y.},
  journal={Energy Procedia},
  volume={11},
  number={1},
  pages={3397-3405},
  year={2012},
}

@article{buhrkal2012waste,
  title={The waste collection vehicle routing problem with time windows in a city logistics context},
  author={Buhrkal, Katja and Larsen, Allan and Ropke, Stefan},
  journal={Procedia-Social and Behavioral Sciences},
  volume={39},
  pages={241--254},
  year={2012},
  publisher={Elsevier}
}


@article{baldacci2012recent,
  title={Recent exact algorithms for solving the vehicle routing problem under capacity and time window constraints},
  author={Baldacci, Roberto and Mingozzi, Aristide and Roberti, Roberto},
  journal={European Journal of Operational Research},
  volume={218},
  number={1},
  pages={1--6},
  year={2012},
  publisher={Elsevier}
}

@article{pichpibul2012an,
title={An improved Clarke and Wright savings algorithm for the capacitated vehicle routing problem},
author={Pichpibul, Tantikorn and Kawtummachai, Ruengsak},
journal={Scienceasia},
volume={38},
number={3},
pages={307},
year={2012}}

@inproceedings{mei2013decomposing,
  title={Decomposing large-scale capacitated arc routing problems using a random route grouping method},
  author={Mei, Yi and Li, Xiaodong and Yao, Xin},
  booktitle={2013 IEEE Congress on Evolutionary Computation},
  pages={1013--1020},
  year={2013},
  organization={IEEE}
}

@inproceedings{minh2013memetic,
  title={A memetic algorithm for waste collection vehicle routing problem with time windows and conflicts},
  author={Minh, Thai Tieu and Van Hoai, Tran and Nguyet, Tran Thi Nhu},
  booktitle={International Conference on Computational Science and Its Applications},
  pages={485--499},
  year={2013},
  organization={Springer}
}

@article{mingozzi2013exact,
  title={An exact algorithm for the multitrip vehicle routing problem},
  author={Mingozzi, Aristide and Roberti, Roberto and Toth, Paolo},
  journal={INFORMS Journal on Computing},
  volume={25},
  number={2},
  pages={193--207},
  year={2013},
  publisher={INFORMS}
}

@article{benjamin2013metaheuristics,
  title={Metaheuristics with disposal facility positioning for the waste collection VRP with time windows},
  author={Benjamin, Aida Mauziah and Beasley, JE},
  journal={Optimization Letters},
  volume={7},
  number={7},
  pages={1433--1449},
  year={2013},
  publisher={Springer}
}

@article{wy2013hybrid,
  title={A hybrid metaheuristic approach for the rollon--rolloff vehicle routing problem},
  author={Wy, Juyoung and Kim, Byung-In},
  journal={Computers \& Operations Research},
  volume={40},
  number={8},
  pages={1947--1952},
  year={2013},
  publisher={Elsevier}
}

@article{belien2014municipal,
  title={Municipal solid waste collection and management problems: a literature review},
  author={Beli{\"e}n, Jeroen and De Boeck, Liesje and Van Ackere, Jonas},
  journal={Transportation Science},
  volume={48},
  number={1},
  pages={78--102},
  year={2014},
  publisher={INFORMS}
}

@inproceedings{mei2014variable,
  title={Variable neighborhood decomposition for large scale capacitated arc routing problem},
  author={Mei, Yi and Li, Xiaodong and Yao, Xin},
  booktitle={Evolutionary Computation, 2014 IEEE Congress on},
  pages={1313--1320},
  year={2014},
  organization={IEEE}
}


@ARTICLE{mei2014cooperative,  
author={Y. {Mei} and X. {Li} and X. {Yao}},  journal={IEEE Transactions on Evolutionary Computation},   
title={Cooperative Coevolution With Route Distance Grouping for Large-Scale Capacitated Arc Routing Problems},   
year={2014},  
volume={18},  
number={3}, 
pages={435-449},}

@article{miranda2015novel,
  title={A novel methodology for designing a household waste collection system for insular zones},
  author={Miranda, Pablo A and Blazquez, Carola A and Vergara, Rodrigo and Weitzler, Sebastian},
  journal={Transportation Research Part E: Logistics and Transportation Review},
  volume={77},
  pages={227--247},
  year={2015},
  publisher={Elsevier}
}

@article{zhou2015a,
title={A Local Search-Based Multiobjective Optimization Algorithm for Multiobjective Vehicle Routing Problem With Time Windows},
author={Zhou, Ying and Wang, Jiahai},
journal={IEEE Systems Journal},
volume={9},
number={3},
pages={1100--1113},
year={2015}}

@article{kim2015city,
  title={City vehicle routing problem (city VRP): A review},
  author={Kim, Gitae and Ong, Yew-Soon and Heng, Chen Kim and Tan, Puay Siew and Zhang, Nengsheng Allan},
  journal={IEEE Transactions on Intelligent Transportation Systems},
  volume={16},
  number={4},
  pages={1654--1666},
  year={2015},
  publisher={IEEE}
}

@article{wang2015estimation,
  title={Estimation of the distribution algorithm with a stochastic local search for uncertain capacitated arc routing problems},
  author={Wang, Juan and Tang, Ke and Lozano, Jose A and Yao, Xin},
  journal={IEEE Transactions on Evolutionary Computation},
  volume={20},
  number={1},
  pages={96--109},
  year={2015},
  publisher={IEEE}
}

@article{Han2015WASTE,
author = {Han, Hui and Ponce-Cueto, Eva},
year = {2015},
month = {08},
pages = {},
title = {Waste Collection Vehicle Routing Problem: A Literature Review},
volume = {27},
journal = {PROMET - Traffic\&Transportation},
doi = {10.7307/ptt.v27i4.1616}
}

@article{dorling2016vehicle,
  title={Vehicle routing problems for drone delivery},
  author={Dorling, Kevin and Heinrichs, Jordan and Messier, Geoffrey G and Magierowski, Sebastian},
  journal={{IEEE Transactions on Systems, Man, and Cybernetics: Systems}},
  volume={47},
  number={1},
  pages={70--85},
  year={2016},
  publisher={IEEE}
}

@article{rabbani2016hybrid,
  title={A hybrid genetic algorithm for waste collection problem by heterogeneous fleet of vehicles with multiple separated compartments},
  author={Rabbani, Masoud and Farrokhi-asl, Hamed and Rafiei, Hamed},
  journal={Journal of Intelligent \& Fuzzy Systems},
  volume={30},
  number={3},
  pages={1817--1830},
  year={2016},
  publisher={IOS Press}
}

@article{braekers2016vehicle,
  title={The vehicle routing problem: State of the art classification and review},
  author={Braekers, Kris and Ramaekers, Katrien and Van Nieuwenhuyse, Inneke},
  journal={Computers \& Industrial Engineering},
  volume={99},
  pages={300--313},
  year={2016},
  publisher={Elsevier}
}

@article{markov2016integrating,
  title={Integrating a heterogeneous fixed fleet and a flexible assignment of destination depots in the waste collection VRP with intermediate facilities},
  author={Markov, Iliya and Varone, Sacha and Bierlaire, Michel},
  journal={Transportation research part B: methodological},
  volume={84},
  pages={256--273},
  year={2016},
  publisher={Elsevier}
}

@inproceedings{melo2017optimization,
  title={Optimization of Garbage Collection Using Genetic Algorithm},
  author={Melo, Alexander Bento and Oliveira, Aline Mara and de Souza, Daniel Silva and da Cunha, M{\'a}rcio Jos{\'e}},
  booktitle={2017 IEEE 14th International Conference on Mobile Ad Hoc and Sensor Systems (MASS)},
  pages={672--677},
  year={2017},
  organization={IEEE}
}



@INPROCEEDINGS{mi2017optimization,
  author={Milan Misic and
               Aleksandar Dordevic and
               Aleksandra Kokic Arsic},
  booktitle={2017 Ninth International Conference on Advanced Computational Intelligence (ICACI)}, 
  title={The optimization of vehicle routing of communal waste in an urban environment using a nearest neighbirs' algorithm and genetic algorithm: Communal waste vehicle routing optimization in urban areas}, 
  year={2017},
  volume={},
  number={},
  pages={264-271},}

@article{tang2017scalable,
  title={A scalable approach to capacitated arc routing problems based on hierarchical decomposition},
  author={Tang, Ke and Wang, Juan and Li, Xiaodong and Yao, Xin},
  journal={IEEE Transactions on Cybernetics},
  volume={47},
  number={11},
  pages={3928--3940},
  year={2017},
  publisher={IEEE}
}

@article{akhtar2017backtracking,
  title={Backtracking search algorithm in CVRP models for efficient solid waste collection and route optimization},
  author={Akhtar, Mahmuda and Hannan, MA and Begum, Rawshan Ara and Basri, Hassan and Scavino, Edgar},
  journal={Waste Management},
  volume={61},
  pages={117--128},
  year={2017},
  publisher={Elsevier}
}


@article{Gruler2017Supporting,
author = {Gruler, Aljoscha and Fikar, Christian and Juan, Angel A. and Hirsch, Patrick and Contreras-Bolton, Carlos},
title = {Supporting multi-depot and stochastic waste collection management in clustered urban areas via simulation–optimization},
journal = {Journal of Simulation},
volume = {11},
number = {1},
pages = {11-19},
year  = {2017},
publisher = {Taylor \& Francis}
}

@article{shen2018multi,
  title={Multi-depot open vehicle routing problem with time windows based on carbon trading},
  author={Shen, Ling and Tao, Fengming and Wang, Songyi},
  journal={International journal of environmental research and public health},
  volume={15},
  number={9},
  pages={2025},
  year={2018},
  publisher={Multidisciplinary Digital Publishing Institute}
}

@article{tirkolaee2018robust,
  title={A robust periodic capacitated arc routing problem for urban waste collection considering drivers and crew’s working time},
  author={Tirkolaee, Erfan Babaee and Mahdavi, Iraj and Esfahani, Mir Mehdi Seyyed},
  journal={Waste Management},
  volume={76},
  pages={138--146},
  year={2018},
  publisher={Elsevier}
}


@INPROCEEDINGS{song2018an,  author={L. {Song} and Y. {Dong}},  booktitle={2018 Tenth International Conference on Advanced Computational Intelligence (ICACI)},   title={An improved differential evolution algorithm with local search for capacitated vehicle routing problem},   year={2018},  volume={},  number={},  pages={801-806},}

@article{arnold2019knowledge-guided,
title={Knowledge-guided local search for the vehicle routing problem},
author={Arnold, Florian and Sorensen, Kenneth},
journal={Computers \& Operations Research},
volume={105},
pages={32--46},
year={2019}
}

@article{arnold2019efficiently,
title={Efficiently solving very large-scale routing problems},
author={Arnold, Florian and Gendreau, Michel and Sorensen, Kenneth},
journal={Computers \& Operations Research},
volume={107},
pages={32--42},
year={2019}
}

@article{babaee2019developing,
  title={Developing an applied algorithm for multi-trip vehicle routing problem with time windows in urban waste collection: A case study},
  author={Babaee Tirkolaee, Erfan and Abbasian, Parvin and Soltani, Mehdi and Ghaffarian, Seyed Ali},
  journal={Waste Management \& Research},
  volume={37},
  number={1\_suppl},
  pages={4--13},
  year={2019},
  publisher={SAGE Publications Sage UK: London, England}
}

@article{wu2020optimization,
  title={Optimization of Vehicle Routing for Waste Collection and Transportation},
  author={Wu, Hailin and Tao, Fengming and Yang, Bo},
  journal={International Journal of Environmental Research and Public Health},
  volume={17},
  number={14},
  pages={4963},
  year={2020},
  publisher={Multidisciplinary Digital Publishing Institute}
}

@article{shi2020heuristic,
  title={A Heuristic Solution Method for Multi-Depot Vehicle Routing-Based Waste Collection Problems},
  author={Shi, Yanjun and Lv, Lingling and Hu, Fanyi and Han, Qiaomei},
  journal={Applied Sciences},
  volume={10},
  number={7},
  pages={2403},
  year={2020},
  publisher={Multidisciplinary Digital Publishing Institute}
}

